<record><leader>00000cas a22000007a 4500</leader><controlfield tag="001">2260928</controlfield><controlfield tag="008">760620d19411980paudn ne      0    0eng d</controlfield><controlfield tag="009">54</controlfield><datafield ind1=" " ind2=" " tag="010"><subfield code="a">sn 87062165 </subfield></datafield><datafield ind1=" " ind2=" " tag="040"><subfield code="a">PIT</subfield><subfield code="b">eng</subfield><subfield code="c">PIT</subfield><subfield code="d">NPH</subfield><subfield code="d">DLC</subfield><subfield code="d">NPH</subfield></datafield><datafield ind1="1" ind2=" " tag="029"><subfield code="a">AU@</subfield><subfield code="b">000025840758</subfield></datafield><datafield ind1=" " ind2=" " tag="042"><subfield code="a">msc</subfield></datafield><datafield ind1="0" ind2="0" tag="050"><subfield code="a">Newspaper 7002</subfield></datafield><datafield ind1="0" ind2=" " tag="130"><subfield code="a">Evening standard (Uniontown, Pa. : 1941)</subfield></datafield><datafield ind1="0" ind2="4" tag="245"><subfield code="a">The evening standard.</subfield></datafield><datafield ind1="1" ind2="0" tag="246"><subfield code="a">Herald-standard</subfield></datafield><datafield ind1=" " ind2=" " tag="260"><subfield code="a">Uniontown, Pa :</subfield><subfield code="b">Uniontown Newspapers, Inc.,</subfield><subfield code="c">1941-1980.</subfield></datafield><datafield ind1=" " ind2=" " tag="300"><subfield code="a">v. :</subfield><subfield code="b">ill. ;</subfield><subfield code="c">58 cm.</subfield></datafield><datafield ind1=" " ind2=" " tag="310"><subfield code="a">Daily (except Sun.)</subfield></datafield><datafield ind1="0" ind2=" " tag="362"><subfield code="a">Vol. 53, no. 119 (May 12, 1941)-   ;   -92nd year, no. 205 (Sept. 26, 1980).</subfield></datafield><datafield ind1=" " ind2=" " tag="500"><subfield code="a">Published on Saturday with: Morning herald (Uniontown, Pa.), as: Herald-standard, Jan.-Sept. 1980.</subfield></datafield><datafield ind1=" " ind2=" " tag="752"><subfield code="a">United States</subfield><subfield code="b">Pennsylvania</subfield><subfield code="c">Fayette</subfield><subfield code="d">Uniontown.</subfield></datafield><datafield ind1="0" ind2=" " tag="775"><subfield code="t">Evening standard (Uniontown, Pa. : Brownsville tri-county ed.)</subfield><subfield code="w">(DLC)sn 87078520</subfield></datafield><datafield ind1="0" ind2="0" tag="780"><subfield code="t">Daily news standard</subfield><subfield code="w">(DLC)sn 86081356</subfield></datafield><datafield ind1="0" ind2="7" tag="785"><subfield code="t">Morning herald (Uniontown, Pa.)</subfield><subfield code="w">(DLC)sn 86083388</subfield></datafield><datafield ind1="0" ind2="7" tag="785"><subfield code="t">Herald-standard (Uniontown, Pa. : 1980)</subfield><subfield code="w">(DLC)sn 87062177</subfield></datafield></record>